<record><leader>00000cas a2200000 a 4500</leader><controlfield tag="001">10842813</controlfield><controlfield tag="008">840614d1855185uvtuwr ne      0    0eng d</controlfield><datafield ind1=" " ind2=" " tag="010"><subfield code="a">sn 84023227 </subfield></datafield><datafield ind1=" " ind2=" " tag="040"><subfield code="a">AQM</subfield><subfield code="b">eng</subfield><subfield code="c">AQM</subfield><subfield code="d">NPX</subfield><subfield code="d">NVN</subfield><subfield code="d">OCLCQ</subfield><subfield code="d">OCLCF</subfield><subfield code="d">OCLCO</subfield></datafield><datafield ind1=" " ind2=" " tag="042"><subfield code="a">msc</subfield></datafield><datafield ind1=" " ind2=" " tag="043"><subfield code="a">n-us-vt</subfield></datafield><datafield ind1="0" ind2="0" tag="245"><subfield code="a">Star of Vermont and farmer's register.</subfield></datafield><datafield ind1="1" ind2="7" tag="246"><subfield code="a">Star of Vermont</subfield></datafield><datafield ind1=" " ind2=" " tag="260"><subfield code="a">Northfield [Vt.] :</subfield><subfield code="b">W.F. Woodworth</subfield></datafield><datafield ind1=" " ind2=" " tag="300"><subfield code="a">v.</subfield></datafield><datafield ind1=" " ind2=" " tag="310"><subfield code="a">Weekly</subfield></datafield><datafield ind1="0" ind2=" " tag="362"><subfield code="a">Vol. 1, no. 22 (Mar. 17, 1855)-</subfield></datafield><datafield ind1=" " ind2=" " tag="500"><subfield code="a">Editors: W.F. Woodworth, A. Morse, &lt;1855&gt;.</subfield></datafield><datafield ind1=" " ind2=" " tag="500"><subfield code="a">Published simultaneously at Bethel, Vt., Mar. 17-Apr. 21, 1855.</subfield></datafield><datafield ind1=" " ind2=" " tag="500"><subfield code="a">"American party of Vermont."</subfield></datafield><datafield ind1=" " ind2="0" tag="650"><subfield code="a">Agriculture</subfield><subfield code="z">Vermont</subfield><subfield code="v">Newspapers.</subfield></datafield><datafield ind1=" " ind2="0" tag="651"><subfield code="a">Vermont</subfield><subfield code="v">Newspapers.</subfield></datafield><datafield ind1=" " ind2="7" tag="655"><subfield code="a">Newspapers.</subfield><subfield code="2">fast</subfield><subfield code="0">(OCoLC)fst01423814</subfield></datafield><datafield ind1=" " ind2="7" tag="650"><subfield code="a">Agriculture.</subfield><subfield code="2">fast</subfield><subfield code="0">(OCoLC)fst00801355</subfield></datafield><datafield ind1=" " ind2="7" tag="651"><subfield code="a">Vermont.</subfield><subfield code="2">fast</subfield><subfield code="0">(OCoLC)fst01204305</subfield></datafield><datafield ind1="1" ind2=" " tag="700"><subfield code="a">Morse, Abner.</subfield></datafield><datafield ind1="1" ind2=" " tag="700"><subfield code="a">Woodworth, W. F.</subfield></datafield><datafield ind1=" " ind2=" " tag="752"><subfield code="a">United States</subfield><subfield code="b">Vermont</subfield><subfield code="c">Washington</subfield><subfield code="d">Northfield.</subfield></datafield><datafield ind1=" " ind2=" " tag="752"><subfield code="a">United States</subfield><subfield code="b">Vermont</subfield><subfield code="c">Windsor</subfield><subfield code="d">Bethel.</subfield></datafield><datafield ind1="0" ind2="0" tag="780"><subfield code="t">Star of Vermont</subfield><subfield code="w">(DLC)sn 84023226</subfield><subfield code="w">(OCoLC)10842773</subfield></datafield></record>